@Manual{r_program,
  title = {R: A Language and Environment for Statistical Computing},
  author = {{R Core Team}},
  organization = {R Foundation for Statistical Computing},
  address = {Vienna, Austria},
  year = {2023},
  url = {https://www.R-project.org/},
}

@Article{pkg_sf,
  author = {Edzer Pebesma},
  title = {{Simple Features for R: Standardized Support for Spatial Vector Data}},
  year = {2018},
  journal = {{The R Journal}},
  doi = {10.32614/RJ-2018-009},
  url = {https://doi.org/10.32614/RJ-2018-009},
  pages = {439--446},
  volume = {10},
  number = {1},
}

@Manual{pkg_terra,
  title = {terra: Spatial Data Analysis},
  author = {Robert J. Hijmans},
  year = {2024},
  note = {R package version 1.7-71},
  url = {https://CRAN.R-project.org/package=terra},
}

@Manual{pkg_exactextractr,
  title = {exactextractr: Fast Extraction from Raster Datasets using Polygons},
  author = {{Daniel Baston}},
  year = {2022},
  note = {R package version 0.9.0},
  url = {https://CRAN.R-project.org/package=exactextractr},
}

@Article{pkg_whitebox,
  title = {Whitebox GAT: A case study in geomorphometric analysis.},
  author = {J. B. Lindsay},
  journal = {Computers & Geosciences},
  year = {2016},
  volume = {95},
  pages = {75-84},
  url = {http://dx.doi.org/10.1016/j.cageo.2016.07.003},
}

@Book{pkg_stars,
  title = {{Spatial Data Science: With applications in R}},
  author = {Edzer Pebesma and Roger Bivand},
  year = {2023},
  publisher = {Chapman and Hall/CRC},
  address = {London},
  url = {https://r-spatial.org/book/},
  pages = {352},
  doi = {10.1201/9780429459016},
}