@Manual{r_program,
  title = {R: A Language and Environment for Statistical Computing},
  author = {{R Core Team}},
  organization = {R Foundation for Statistical Computing},
  address = {Vienna, Austria},
  year = {2023},
  url = {https://www.R-project.org/},
}

@Article{pkg_sf,
  author = {Edzer Pebesma},
  title = {{Simple Features for R: Standardized Support for Spatial Vector Data}},
  year = {2018},
  journal = {{The R Journal}},
  doi = {10.32614/RJ-2018-009},
  url = {https://doi.org/10.32614/RJ-2018-009},
  pages = {439--446},
  volume = {10},
  number = {1},
}

@Manual{pkg_terra,
  title = {terra: Spatial Data Analysis},
  author = {Robert J. Hijmans},
  year = {2024},
  note = {R package version 1.7-71},
  url = {https://CRAN.R-project.org/package=terra},
}

@Manual{pkg_exactextractr,
  title = {exactextractr: Fast Extraction from Raster Datasets using Polygons},
  author = {{Daniel Baston}},
  year = {2022},
  note = {R package version 0.9.0},
  url = {https://CRAN.R-project.org/package=exactextractr},
}

@Article{pkg_whitebox,
  title = {Whitebox GAT: A case study in geomorphometric analysis.},
  author = {J. B. Lindsay},
  journal = {Computers \& Geosciences},
  year = {2016},
  volume = {95},
  pages = {75-84},
  url = {http://dx.doi.org/10.1016/j.cageo.2016.07.003},
}

@Book{pkg_stars,
  title = {{Spatial Data Science: With applications in R}},
  author = {Edzer Pebesma and Roger Bivand},
  year = {2023},
  publisher = {Chapman and Hall/CRC},
  address = {London},
  url = {https://r-spatial.org/book/},
  pages = {352},
  doi = {10.1201/9780429459016},
}

@Article{nimble,
  title = {Programming with models: writing statistical algorithms for general model structures with {NIMBLE}},
  journal = {Journal of Computational and Graphical Statistics},
  volume = {26},
  issue = {2},
  pages = {403-413},
  year = {2017},
  author = {Perry {de Valpine} and Daniel Turek and Christopher Paciorek and Cliff Anderson-Bergman and Duncan {Temple Lang} and Ras Bodik},
  doi = {10.1080/10618600.2016.1172487},
}

@Manual{pkg_nimble,
  title = {{NIMBLE}: {MCMC}, Particle Filtering, and Programmable Hierarchical Modeling},
  author = {Perry {de Valpine} and Christopher Paciorek and Daniel Turek and Nick Michaud and Cliff Anderson-Bergman and Fritz Obermeyer and Claudia {Wehrhahn Cortes} and Abel Rodr√¨guez and Duncan {Temple Lang} and Sally Paganin},
  url = {https://cran.r-project.org/package=nimble},
  year = {2024},
  version = {1.2.1},
  note = {{R} package version 1.2.1},
  doi = {10.5281/zenodo.1211190},
}
